<?xml version="1.0" encoding="UTF-8"?><collection xmlns="http://www.loc.gov/MARC21/slim"><record><leader>00506nam--2200193-i-4500</leader><controlfield tag="001">000012361</controlfield><controlfield tag="002">20161230</controlfield><controlfield tag="005">20161230201029</controlfield><controlfield tag="008">060222s1000------------r-----000-0-rus-d</controlfield><datafield ind1=" " ind2=" " tag="040"><subfield code="a">IFIN-HH</subfield></datafield><datafield ind1=" " ind2=" " tag="041"><subfield code="a">rus</subfield></datafield><datafield ind1=" " ind2=" " tag="080"><subfield code="a">533.9:537.527</subfield></datafield><datafield ind1="1" ind2=" " tag="100"><subfield code="a">Jukov, M.F</subfield></datafield><datafield ind1="1" ind2="0" tag="245"><subfield code="a">Prikladnaia dinamika termiceskoi plazmi</subfield><subfield code="c">M.F. Jukov, A.S. Koroteev, B.A. Uryukov</subfield></datafield><datafield ind1=" " ind2=" " tag="260"><subfield code="a">Novosibirsk</subfield><subfield code="b">Nauka</subfield><subfield code="c">1975</subfield></datafield><datafield ind1=" " ind2=" " tag="300"><subfield code="a">298 p</subfield></datafield><datafield ind1="1" ind2=" " tag="700"><subfield code="a">Uryukov, B.A</subfield></datafield><datafield ind1=" " ind2=" " tag="852"><subfield code="a">43281</subfield><subfield code="c">533.9</subfield></datafield><datafield ind1=" " ind2=" " tag="CAT"><subfield code="a">Sys</subfield><subfield code="c">20100927</subfield><subfield code="h">145127</subfield></datafield></record></collection>